@book{daveypriestley2002,
	author = "B. A. Davey and H. A. Priestley",
	title = "Introduction to Lattices and Order",
	year = "2002",
	isbn = "978-0-521-78451-1",
	publisher = "Cambridge University Press",
	pagetotal = "298",
	edition = "2"
}

@book{willard,
	author = "Stephen Willard",
	title = "General Topology",
	year = "1970",
	publisher = "Addison-Wesley Publishing Company, Inc.",
	pagetotal = "369"
}

@book{folland2007,
	author = "Gerald B. Folland",
	title = "Real Analysis: Modern Techniques and Their Applications",
	year = "2007",
	isbn = "0-471-31716-0",
	publisher = "Wiley",
	pagetotal = "386",
	edition = "2"
}

@book{kelley1975,
	author = "John L. Kelley",
	title = "General Topology",
	year = "1975",
	isbn = "0-387-90125-6",
	publisher = "Springer",
	pagetotal = "298",
	edition = "1"
}

@book{schechter1997,
	author = "Eric Schechter",
	title = "Handbook of Analysis and Its Foundations",
	year = "1997",
	publisher = "Academic Press",
	pagetotal = "883",
	edition = "1"
}

@book{beardon1997,
	author = "Alan F. Beardon",
	title = "Limits: A New Approach to Real Analysis",
	year = "1997",
	isbn = "0-387-98274-4",
	publisher = "Springer",
	pagetotal = "189",
	edition = "1"
}